@INPROCEEDINGS{mioverview,
	AUTHOR = "Tom I. Cruise and Tom J. Cruise",
	TITLE = "Overview of the {NTCIR}-10 Mission Impossible Task",
	BOOKTITLE = "Proceedings of NTCIR-10",
	PAGES = {1-100},
	YEAR = {2013}
}
